<record><leader>00000cas a22000007a 4500</leader><controlfield tag="001">18170616</controlfield><controlfield tag="008">880705d19uu19uutxuuu ne      0    0eng d</controlfield><datafield ind1=" " ind2=" " tag="010"><subfield code="a">sn 88083858 </subfield></datafield><datafield ind1=" " ind2=" " tag="040"><subfield code="a">PPM</subfield><subfield code="b">eng</subfield><subfield code="c">PPM</subfield><subfield code="d">OCLCQ</subfield></datafield><datafield ind1=" " ind2=" " tag="042"><subfield code="a">msc</subfield></datafield><datafield ind1="0" ind2="4" tag="245"><subfield code="a">The Sportlight.</subfield></datafield><datafield ind1=" " ind2=" " tag="260"><subfield code="a">Corpus Christi, Tex. :</subfield><subfield code="b">Kid McCoy</subfield></datafield><datafield ind1=" " ind2=" " tag="588"><subfield code="a">Description based on: Nov. 21, 1936 issue.</subfield></datafield><datafield ind1=" " ind2=" " tag="752"><subfield code="a">United States</subfield><subfield code="b">Texas</subfield><subfield code="c">Nueces</subfield><subfield code="d">Corpus Christi.</subfield></datafield></record>